
@misc{white_hadoop_2015,
	title = {Hadoop: the definitive guide},
	author = {White, Tom},
	date = {2015},
	note = {Edition: Fourth edition
{ISBN}: 9781491901632
Place: Beijing},
}

@misc{freiknecht_big_2018,
	title = {Big Data in der Praxis : Lösungen mit Hadoop, Spark, {HBase} und Hive : Daten speichern, aufbereiten, visualisieren},
	url = {http://www.hanser-fachbuch.de/9783446453968},
	author = {Freiknecht, Jonas and Papp, Stefan},
	date = {2018},
	note = {Edition: 2., erweiterte Auflage
{ISBN}: 9783446453968
Place: München},
}
