
@misc{white_hadoop_2015,
	title = {Hadoop: the definitive guide},
	author = {White, Tom},
	date = {2015},
	note = {Edition: Fourth edition
{ISBN}: 9781491901632
Place: Beijing},
}

@misc{freiknecht_big_2018,
	title = {Big Data in der Praxis : Lösungen mit Hadoop, Spark, {HBase} und Hive : Daten speichern, aufbereiten, visualisieren},
	url = {http://www.hanser-fachbuch.de/9783446453968},
	author = {Freiknecht, Jonas and Papp, Stefan},
	date = {2018},
	note = {Edition: 2., erweiterte Auflage
{ISBN}: 9783446453968
Place: München},
}

@online{noauthor_big_nodate,
	title = {Big Data: was es ist und was man darüber wissen sollte},
	url = {https://www.sas.com/de_de/insights/big-data/what-is-big-data.html},
	shorttitle = {Big Data},
	abstract = {Was ist Big Data, welche Einsatzbereiche gibt es und wie werden große Datenmengen sinnvoll genutzt? Erfahren Sie mehr zu Strategie und Erfolgsprojekten.},
	urldate = {2022-12-05},
	langid = {german},
	file = {Snapshot:/home/rene/Zotero/storage/KB6FAVDX/what-is-big-data.html:text/html},
}

@online{zakon_hobbes_2018,
	title = {Hobbes' Internet Timeline - the definitive {ARPAnet} \& Internet history},
	url = {https://www.zakon.org/robert/internet/timeline/#Growth},
	abstract = {An Internet timeline highlighting some of the key events and technologies that helped shape the Internet as we know it today.},
	titleaddon = {Hobbes' Internet Timeline},
	author = {Zakon, Robert H'obbes'},
	urldate = {2022-12-05},
	date = {2018-01-01},
	file = {Hobbes' Internet Timeline - the definitive ARPAnet & Internet history:/home/rene/Zotero/storage/F96WLBJ9/timeline.html:text/html},
}

@online{noauthor_total_nodate,
	title = {Total number of Websites - Internet Live Stats},
	url = {https://www.internetlivestats.com/total-number-of-websites/#ref-1},
	abstract = {How many websites are there on the Web? Number of websites by year and growth from 1991 to 2016. Historical count and popular websites starting from the first website until today. Charts, real time counter, and interesting info.},
	urldate = {2022-12-05},
	langid = {english},
	file = {Snapshot:/home/rene/Zotero/storage/EJCQMVBL/total-number-of-websites.html:text/html},
}

@online{griffiths_search_2007,
	title = {Search Engines},
	url = {https://web.archive.org/web/20070621143859/http://www.internethistory.leidenuniv.nl/index.php3?m=6&c=7#how},
	titleaddon = {History of the Internet},
	type = {Archive},
	author = {Griffiths, Richard T.},
	urldate = {2022-12-05},
	date = {2007-06-21},
	file = {Snapshot:/home/rene/Zotero/storage/SPWPYB2C/index.html:text/html},
}

@online{sonnenreich_history_1997,
	title = {A History of Search Engines},
	url = {http://www.wiley.com/legacy/compbooks/sonnenreich/history.html},
	abstract = {Wiley :: Companion Sites / Sonnenreich et al.},
	author = {Sonnenreich, Wes},
	urldate = {2022-12-05},
	date = {1997},
	file = {Wiley \:\: Companion Sites / Sonnenreich et al.:/home/rene/Zotero/storage/CZSK7G9L/history.html:text/html},
}

@online{noauthor_apache_nodate,
	title = {Apache Hadoop},
	url = {https://hadoop.apache.org/},
	titleaddon = {Apache Hadoop Main Page},
	urldate = {2022-12-07},
	file = {Apache Hadoop:/home/rene/Zotero/storage/467JH8A4/hadoop.apache.org.html:text/html},
}

@online{beaumont_how_2014,
	title = {How to explain vertical and horizontal scaling in the cloud},
	rights = {© Copyright {IBM} Corp. 2022},
	url = {https://www.ibm.com/blogs/cloud-computing/2014/04/09/explain-vertical-horizontal-scaling-cloud/},
	abstract = {In this world of cloud, one of the biggest features is the ability to scale. There are different ways to accomplish scaling, which is a transformation that enlarges or diminishes. One is vertical scaling and the other is horizontal scaling. What is the difference between the two? If you look at just the definitions of […]},
	titleaddon = {Cloud computing news},
	author = {Beaumont, David},
	urldate = {2022-12-07},
	date = {2014-04-09},
	langid = {american},
	file = {Snapshot:/home/rene/Zotero/storage/8KYGFYJU/explain-vertical-horizontal-scaling-cloud.html:text/html},
}

@online{noauthor_pricing_nodate,
	title = {Pricing - Linux Virtual Machines Scale Sets {\textbar} Microsoft Azure},
	url = {https://azure.microsoft.com/en-us/pricing/details/virtual-machine-scale-sets/linux/},
	abstract = {View and compare pricing options for Linux Virtual Machine Scale Sets. Pay only for what you use with no upfront cost.},
	urldate = {2022-12-07},
	langid = {english},
	file = {Snapshot:/home/rene/Zotero/storage/I2LNNT8Y/linux.html:text/html},
}

@online{noauthor_who_nodate,
	title = {who was who in {SSD}? - {StorageTek}},
	url = {http://www.storagesearch.com/storagetek.html},
	urldate = {2022-12-07},
	file = {who was who in SSD? - StorageTek:/home/rene/Zotero/storage/N4NF8KNZ/storagetek.html:text/html},
}

@online{athow_at_2020,
	title = {At 100TB, the world’s biggest {SSD} gets an (eye-watering) price tag},
	url = {https://www.techradar.com/news/at-100tb-the-worlds-biggest-ssd-gets-an-eye-watering-price-tag},
	abstract = {Largest ever solid state drive comes with very steep premium},
	titleaddon = {{TechRadar}},
	author = {Athow, Desire},
	urldate = {2022-12-07},
	date = {2020-07-07},
	langid = {english},
	file = {Snapshot:/home/rene/Zotero/storage/2WYMYCW2/at-100tb-the-worlds-biggest-ssd-gets-an-eye-watering-price-tag.html:text/html},
}
